% Encoding: UTF-8
@article{hanley1982meaning,
	title={The meaning and use of the area under a receiver operating characteristic (ROC) curve.},
	author={Hanley, James A and McNeil, Barbara J},
	journal={Radiology},
	volume={143},
	number={1},
	pages={29--36},
	year={1982}
}
@book{Zien2013Semi,
	title={Semi-Supervised Learning},
	author={Zien, Alexander},
	publisher={Springer Berlin Heidelberg},
	year={2013},
}
@inproceedings{guyon1993automatic,
	title={Automatic capacity tuning of very large VC-dimension classifiers},
	author={Guyon, Isabelle and Boser, B and Vapnik, Vladimir},
	booktitle={Advances in neural information processing systems},
	pages={147--155},
	year={1993}
}
@article{moon1996expectation,
	title={The expectation-maximization algorithm},
	author={Moon, Todd K},
	journal={IEEE Signal processing magazine},
	volume={13},
	number={6},
	pages={47--60},
	year={1996},
	publisher={IEEE}
}
@inproceedings{blum1998combining,
	title={Combining labeled and unlabeled data with co-training},
	author={Blum, Avrim and Mitchell, Tom},
	booktitle={Proceedings of the eleventh annual conference on Computational learning theory},
	pages={92--100},
	year={1998}
}
@inproceedings{bennett1999semi,
	title={Semi-supervised support vector machines},
	author={Bennett, Kristin P and Demiriz, Ayhan},
	booktitle={Advances in Neural Information processing systems},
	pages={368--374},
	year={1999}
}
@book{kleinbaum2002logistic,
	title={Logistic regression},
	author={Kleinbaum, David G and Dietz, K and Gail, M and Klein, Mitchel and Klein, Mitchell},
	year={2002},
	publisher={Springer}
}
@inproceedings{herschtal2004optimising,
	title={Optimising area under the ROC curve using gradient descent},
	author={Herschtal, Alan and Raskutti, Bhavani},
	booktitle={Proceedings of the twenty-first international conference on Machine learning},
	pages={49},
	year={2004}
}
@article{rosenberg2005semi,
	title={Semi-supervised self-training of object detection models.},
	author={Rosenberg, Chuck and Hebert, Martial and Schneiderman, Henry},
	journal={WACV/MOTION},
	volume={2},
	year={2005},
	publisher={Citeseer}
}

@article{chapelle2006a,
title={A continuation method for semi-supervised SVMs},
author={Chapelle, Olivier and Chi, Mingmin and Zien, Alexander},
pages={185--192},
year={2006}}
@article{zhu2009introduction,
	title={Introduction to semi-supervised learning},
	author={Zhu, Xiaojin and Goldberg, Andrew B},
	journal={Synthesis lectures on artificial intelligence and machine learning},
	volume={3},
	number={1},
	pages={1--130},
	year={2009},
	publisher={Morgan \& Claypool Publishers}
}
@inproceedings{gao2013one,
	title={One-pass AUC optimization},
	author={Gao, Wei and Jin, Rong and Zhu, Shenghuo and Zhou, Zhi-Hua},
	booktitle={International Conference on Machine Learning},
	pages={906--914},
	year={2013}
}
@inproceedings{gao2015consistency,
	title={On the consistency of AUC pairwise optimization},
	author={Gao, Wei and Zhou, Zhi-Hua},
	booktitle={Twenty-Fourth International Joint Conference on Artificial Intelligence},
	year={2015}
}
@inproceedings{ying2016stochastic,
	title={Stochastic online AUC maximization},
	author={Ying, Yiming and Wen, Longyin and Lyu, Siwei},
	booktitle={Advances in neural information processing systems},
	pages={451--459},
	year={2016}
}
@article{bekker2018learning,
   	title={Learning from positive and unlabeled data: A survey},
   	author={Bekker, Jessa and Davis, Jesse},
   	journal={arXiv preprint arXiv:1811.04820},
   	year={2018}
   } 
@inproceedings{jaskie2019positive,
	title={Positive and Unlabeled Learning Algorithms and Applications: A Survey},
	author={Jaskie, Kristen and Spanias, Andreas},
	booktitle={2019 10th International Conference on Information, Intelligence, Systems and Applications (IISA)},
	pages={1--8},
	year={2019},
	organization={IEEE}
}
@inproceedings{amini2008boosting,
	title={A boosting algorithm for learning bipartite ranking functions with partially labeled data},
	author={Amini, Massih Reza and Truong, Tuong Vinh and Goutte, Cyril},
	booktitle={Proceedings of the 31st annual international ACM SIGIR conference on Research and development in information retrieval},
	pages={99--106},
	year={2008}
}
@inproceedings{fujino2016semi,
	title={A semi-supervised AUC optimization method with generative models},
	author={Fujino, Akinori and Ueda, Naonori},
	booktitle={2016 IEEE 16th International Conference on Data Mining (ICDM)},
	pages={883--888},
	year={2016},
	organization={IEEE}
}
@inproceedings{cozman2002unlabeled,
	title={Unlabeled Data Can Degrade Classification Performance of Generative Classifiers.},
	author={Cozman, Fabio Gagliardi and Cohen, Ira and Cirelo, M},
	booktitle={Flairs conference},
	pages={327--331},
	year={2002}
}
@inproceedings{xie2018semi,
	title={Semi-supervised AUC optimization without guessing labels of unlabeled data},
	author={Xie, Zheng and Li, Ming},
	booktitle={Thirty-Second AAAI Conference on Artificial Intelligence},
	year={2018}
}
@article{sakai2018semi,
	title={Semi-supervised AUC optimization based on positive-unlabeled learning},
	author={Sakai, Tomoya and Niu, Gang and Sugiyama, Masashi},
	journal={Machine Learning},
	volume={107},
	number={4},
	pages={767--794},
	year={2018},
	publisher={Springer}
}
@article{shahshahani1994effect,
	title={The effect of unlabeled samples in reducing the small sample size problem and mitigating the Hughes phenomenon},
	author={Shahshahani, Behzad M and Landgrebe, David A},
	journal={IEEE Transactions on Geoscience and remote sensing},
	volume={32},
	number={5},
	pages={1087--1095},
	year={1994},
	publisher={IEEE}
}
@article{nigam2000text,
	title={Text classification from labeled and unlabeled documents using EM},
	author={Nigam, Kamal and McCallum, Andrew Kachites and Thrun, Sebastian and Mitchell, Tom},
	journal={Machine learning},
	volume={39},
	number={2-3},
	pages={103--134},
	year={2000},
	publisher={Springer}
}
@inproceedings{joachims1999transductive,
	title={Transductive inference for text classification using support vector machines},
	author={Joachims, Thorsten},
	booktitle={Icml},
	volume={99},
	pages={200--209},
	year={1999}
}
@article{chapelle2009semi,
	title={Semi-supervised learning (chapelle, o. et al., eds.; 2006)[book reviews]},
	author={Chapelle, Olivier and Scholkopf, Bernhard and Zien, Alexander},
	journal={IEEE Transactions on Neural Networks},
	volume={20},
	number={3},
	pages={542--542},
	year={2009},
	publisher={IEEE}
}
@inproceedings{li2010cost,
	title={Cost-sensitive semi-supervised support vector machine},
	author={Li, Yu-Feng and Kwok, James T and Zhou, Zhi-Hua},
	booktitle={Twenty-Fourth AAAI Conference on Artificial Intelligence},
	year={2010}
}
@article{blum2001learning,
	title={Learning from labeled and unlabeled data using graph mincuts},
	author={Blum, Avrim and Chawla, Shuchi},
	year={2001},
	publisher={Carnegie Mellon University}
}
@article{wang2007label,
	title={Label propagation through linear neighborhoods},
	author={Wang, Fei and Zhang, Changshui},
	journal={IEEE Transactions on Knowledge and Data Engineering},
	volume={20},
	number={1},
	pages={55--67},
	year={2007},
	publisher={IEEE}
}
@inproceedings{goldman2000enhancing,
	title={Enhancing supervised learning with unlabeled data},
	author={Goldman, Sally and Zhou, Yan},
	booktitle={ICML},
	pages={327--334},
	year={2000},
	organization={Citeseer}
}
@article{zhou2005tri,
	title={Tri-training: Exploiting unlabeled data using three classifiers},
	author={Zhou, Zhi-Hua and Li, Ming},
	journal={IEEE Transactions on knowledge and Data Engineering},
	volume={17},
	number={11},
	pages={1529--1541},
	year={2005},
	publisher={IEEE}
}
@article{li2007improve,
	title={Improve computer-aided diagnosis with machine learning techniques using undiagnosed samples},
	author={Li, Ming and Zhou, Zhi-Hua},
	journal={IEEE Transactions on Systems, Man, and Cybernetics-Part A: Systems and Humans},
	volume={37},
	number={6},
	pages={1088--1098},
	year={2007},
	publisher={IEEE}
}
@article{li2009semi,
	title={Semi-supervised document retrieval},
	author={Li, Ming and Li, Hang and Zhou, Zhi-Hua},
	journal={Information Processing \& Management},
	volume={45},
	number={3},
	pages={341--355},
	year={2009},
	publisher={Elsevier}
}
@inproceedings{sellamanickam2011pairwise,
	title={A pairwise ranking based approach to learning with positive and unlabeled examples},
	author={Sellamanickam, Sundararajan and Garg, Priyanka and Selvaraj, Sathiya Keerthi},
	booktitle={Proceedings of the 20th ACM international conference on Information and knowledge management},
	pages={663--672},
	year={2011}
}
@article{durand2018symil,
	title={SyMIL: MinMax latent SVM for weakly labeled data},
	author={Durand, Thibaut and Thome, Nicolas and Cord, Matthieu},
	journal={IEEE transactions on neural networks and learning systems},
	volume={29},
	number={12},
	pages={6099--6112},
	year={2018},
	publisher={IEEE}
}

@article{ma2017many,
	title={The many shades of negativity},
	author={Ma, Zhigang and Chang, Xiaojun and Yang, Yi and Sebe, Nicu and Hauptmann, Alexander G},
	journal={IEEE Transactions on Multimedia},
	volume={19},
	number={7},
	pages={1558--1568},
	year={2017},
	publisher={IEEE}
}
@inproceedings{liu2002partially,
	title={Partially supervised classification of text documents},
	author={Liu, Bing and Lee, Wee Sun and Yu, Philip S and Li, Xiaoli},
	booktitle={ICML},
	volume={2},
	pages={387--394},
	year={2002},
	organization={Citeseer}
}
@inproceedings{liu2003building,
	title={Building text classifiers using positive and unlabeled examples},
	author={Liu, Bing and Dai, Yang and Li, Xiaoli and Lee, Wee Sun and Yu, Philip S},
	booktitle={Third IEEE International Conference on Data Mining},
	pages={179--186},
	year={2003},
	organization={IEEE}
}
@inproceedings{xiao2011similarity,
	title={Similarity-based approach for positive and unlabelled learning},
	author={Xiao, Yanshan and Liu, Bo and Yin, Jie and Cao, Longbing and Zhang, Chengqi and Hao, Zhifeng},
	booktitle={Twenty-second international joint conference on artificial intelligence},
	year={2011}
}
@article{luo2017simple,
	title={Simple to complex cross-modal learning to rank},
	author={Luo, Minnan and Chang, Xiaojun and Li, Zhihui and Nie, Liqiang and Hauptmann, Alexander G and Zheng, Qinghua},
	journal={Computer Vision and Image Understanding},
	volume={163},
	pages={67--77},
	year={2017},
	publisher={Elsevier}
}
@inproceedings{lee2003learning,
	title={Learning with positive and unlabeled examples using weighted logistic regression},
	author={Lee, Wee Sun and Liu, Bing},
	booktitle={ICML},
	volume={3},
	pages={448--455},
	year={2003}
}
@inproceedings{elkan2008learning,
	title={Learning classifiers from only positive and unlabeled data},
	author={Elkan, Charles and Noto, Keith},
	booktitle={Proceedings of the 14th ACM SIGKDD international conference on Knowledge discovery and data mining},
	pages={213--220},
	year={2008}
}
@inproceedings{du2014analysis,
	title={Analysis of learning from positive and unlabeled data},
	author={Du Plessis, Marthinus C and Niu, Gang and Sugiyama, Masashi},
	booktitle={Advances in neural information processing systems},
	pages={703--711},
	year={2014}
}
@inproceedings{du2015convex,
	title={Convex formulation for learning from positive and unlabeled data},
	author={Du Plessis, Marthinus and Niu, Gang and Sugiyama, Masashi},
	booktitle={International Conference on Machine Learning},
	pages={1386--1394},
	year={2015}
}
@inproceedings{kiryo2017positive,
	title={Positive-unlabeled learning with non-negative risk estimator},
	author={Kiryo, Ryuichi and Niu, Gang and du Plessis, Marthinus C and Sugiyama, Masashi},
	booktitle={Advances in neural information processing systems},
	pages={1675--1685},
	year={2017}
}
@inproceedings{niu2016theoretical,
	title={Theoretical comparisons of positive-unlabeled learning against positive-negative learning},
	author={Niu, Gang and du Plessis, Marthinus Christoffel and Sakai, Tomoya and Ma, Yao and Sugiyama, Masashi},
	booktitle={Advances in neural information processing systems},
	pages={1199--1207},
	year={2016}
}
@article{zhou2012multi,
	title={Multi-view positive and unlabeled learning},
	author={Zhou, Joey Tianyi and Pan, Sinno Jialin and Mao, Qi and Tsang, Ivor W},
	journal={Journal of Machine Learning Research},
	year={2012}
}
@inproceedings{xu2017multi,
	title={Multi-Positive and Unlabeled Learning.},
	author={Xu, Yixing and Xu, Chang and Xu, Chao and Tao, Dacheng},
	booktitle={IJCAI},
	pages={3182--3188},
	year={2017}
}
@inproceedings{natarajan2013learning,
	title={Learning with noisy labels},
	author={Natarajan, Nagarajan and Dhillon, Inderjit S and Ravikumar, Pradeep K and Tewari, Ambuj},
	booktitle={Advances in neural information processing systems},
	pages={1196--1204},
	year={2013}
}
@article{reid2010composite,
	title={Composite binary losses},
	author={Reid, Mark D and Williamson, Robert C},
	journal={Journal of Machine Learning Research},
	volume={11},
	number={Sep},
	pages={2387--2422},
	year={2010}
}

@article{manwani2013noise,
	title={Noise tolerance under risk minimization},
	author={Manwani, Naresh and Sastry, PS},
	journal={IEEE transactions on cybernetics},
	volume={43},
	number={3},
	pages={1146--1151},
	year={2013},
	publisher={IEEE}
}

@article{ghosh2015making,
	title={Making risk minimization tolerant to label noise},
	author={Ghosh, Aritra and Manwani, Naresh and Sastry, PS},
	journal={Neurocomputing},
	volume={160},
	pages={93--107},
	year={2015},
	publisher={Elsevier}
}

@inproceedings{van2015learning,
	title={Learning with symmetric label noise: The importance of being unhinged},
	author={Van Rooyen, Brendan and Menon, Aditya and Williamson, Robert C},
	booktitle={Advances in Neural Information Processing Systems},
	pages={10--18},
	year={2015}
}

@article{long2010random,
	title={Random classification noise defeats all convex potential boosters},
	author={Long, Philip M and Servedio, Rocco A},
	journal={Machine learning},
	volume={78},
	number={3},
	pages={287--304},
	year={2010},
	publisher={Springer}
}

@inproceedings{ghosh2017robust,
	title={Robust loss functions under label noise for deep neural networks},
	author={Ghosh, Aritra and Kumar, Himanshu and Sastry, PS},
	booktitle={Thirty-First AAAI Conference on Artificial Intelligence},
	year={2017}
}
@article{ward2009presence,
	title={Presence-only data and the EM algorithm},
	author={Ward, Gill and Hastie, Trevor and Barry, Simon and Elith, Jane and Leathwick, John R},
	journal={Biometrics},
	volume={65},
	number={2},
	pages={554--563},
	year={2009},
	publisher={Wiley Online Library}
}
@article{cheng2002kdd,
	title={KDD Cup 2001 report},
	author={Cheng, Jie and Hatzis, Christos and Hayashi, Hisashi and Krogel, Mark-A and Morishita, Shinichi and Page, David and Sese, Jun},
	journal={ACM SIGKDD Explorations Newsletter},
	volume={3},
	number={2},
	pages={47--64},
	year={2002},
	publisher={ACM New York, NY, USA}
}
@inproceedings{guyon2005result,
	title={Result analysis of the NIPS 2003 feature selection challenge},
	author={Guyon, Isabelle and Gunn, Steve and Ben-Hur, Asa and Dror, Gideon},
	booktitle={Advances in neural information processing systems},
	pages={545--552},
	year={2005}
}
@inproceedings{narasimhan2013relationship,
	title={On the relationship between binary classification, bipartite ranking, and binary class probability estimation},
	author={Narasimhan, Harikrishna and Agarwal, Shivani},
	booktitle={Advances in Neural Information Processing Systems},
	pages={2913--2921},
	year={2013}
}
@article{menon2016bipartite,
	title={Bipartite ranking: a risk-theoretic perspective},
	author={Menon, Aditya Krishna and Williamson, Robert C},
	journal={The Journal of Machine Learning Research},
	volume={17},
	number={1},
	pages={6766--6867},
	year={2016},
	publisher={JMLR. org}
}
@article{blanchard2010semi,
	title={Semi-supervised novelty detection},
	author={Blanchard, Gilles and Lee, Gyemin and Scott, Clayton},
	journal={Journal of Machine Learning Research},
	volume={11},
	number={Nov},
	pages={2973--3009},
	year={2010}
}
@inproceedings{c,
	title={A rate of convergence for mixture proportion estimation, with application to learning from noisy labels},
	author={Scott, Clayton},
	booktitle={Artificial Intelligence and Statistics},
	pages={838--846},
	year={2015}
}
@article{zhang2004statistical,
	title={Statistical behavior and consistency of classification methods based on convex risk minimization},
	author={Zhang, Tong},
	journal={Annals of Statistics},
	pages={56--85},
	year={2004},
	publisher={JSTOR}
}
@article{bartlett2006convexity,
	title={Convexity, classification, and risk bounds},
	author={Bartlett, Peter L and Jordan, Michael I and McAuliffe, Jon D},
	journal={Journal of the American Statistical Association},
	volume={101},
	number={473},
	pages={138--156},
	year={2006},
	publisher={Taylor \& Francis}
}
@article{ben2003difficulty,
	title={On the difficulty of approximately maximizing agreements},
	author={Ben-David, Shai and Eiron, Nadav and Long, Philip M},
	journal={Journal of Computer and System Sciences},
	volume={66},
	number={3},
	pages={496--514},
	year={2003},
	publisher={Elsevier}
}
@article{feldman2012agnostic,
	title={Agnostic learning of monomials by halfspaces is hard},
	author={Feldman, Vitaly and Guruswami, Venkatesan and Raghavendra, Prasad and Wu, Yi},
	journal={SIAM Journal on Computing},
	volume={41},
	number={6},
	pages={1558--1590},
	year={2012},
	publisher={SIAM}
}
@inproceedings{Murphy1998Uci,
	title={Uci repository of machine learning databases},
	author={Murphy, P. M.},
	booktitle={Neural Information Processing Systems},
	year={1998},
}
@article{reddi2019convergence,
	title={On the convergence of adam and beyond},
	author={Reddi, Sashank J and Kale, Satyen and Kumar, Sanjiv},
	journal={arXiv preprint arXiv:1904.09237},
	year={2019}
}
@article{paszke2017automatic,
	title={Automatic differentiation in pytorch},
	author={Paszke, Adam and Gross, Sam and Chintala, Soumith and Chanan, Gregory and Yang, Edward and DeVito, Zachary and Lin, Zeming and Desmaison, Alban and Antiga, Luca and Lerer, Adam},
	year={2017}
}
@article{lecun1998mnist,
	title={The MNIST database of handwritten digits},
	author={LeCun, Yann},
	journal={http://yann. lecun. com/exdb/mnist/},
	year={1998}
}
@inproceedings{nair2010rectified,
	title={Rectified linear units improve restricted boltzmann machines},
	author={Nair, Vinod and Hinton, Geoffrey E},
	booktitle={Proceedings of the 27th international conference on machine learning (ICML-10)},
	pages={807--814},
	year={2010}
}
@inproceedings{ishida2018binary,
	title={Binary classification from positive-confidence data},
	author={Ishida, Takashi and Niu, Gang and Sugiyama, Masashi},
	booktitle={Advances in Neural Information Processing Systems},
	pages={5917--5928},
	year={2018}
}
@article{claesen2015building,
	title={Building classifiers to predict the start of glucose-lowering pharmacotherapy using belgian health expenditure data},
	author={Claesen, Marc and De Smet, Frank and Gillard, Pieter and Mathieu, Chantal and De Moor, Bart},
	journal={arXiv preprint arXiv:1504.07389},
	year={2015}
}
@article{SuchanekFast,
  title={Fast rule mining in ontological knowledge bases with AMIE},
  author={Suchanek, Fabian M},
  journal={The VLDB journal},
  volume={24},
  number={6},
  pages={707-730},
}
@inproceedings{zupanc2018estimating,
	title={Estimating rule quality for knowledge base completion with the relationship between coverage assumption},
	author={Zupanc, Kaja and Davis, Jesse},
	booktitle={Proceedings of the 2018 World Wide Web Conference},
	pages={1073--1081},
	year={2018}
}
@article{周志华2018《机器学习》,
	title={《机器学习》},
	author={周志华},
	journal={航空港},
	number={2},
	pages={94-94},
	year={2018},
}
@inproceedings{scott2013classification,
	title={Classification with asymmetric label noise: Consistency and maximal denoising},
	author={Scott, Clayton and Blanchard, Gilles and Handy, Gregory},
	booktitle={Conference On Learning Theory},
	pages={489--511},
	year={2013}
}
@article{charoenphakdee2019symmetric,
	title={On symmetric losses for learning from corrupted labels},
	author={Charoenphakdee, Nontawat and Lee, Jongyeong and Sugiyama, Masashi},
	journal={arXiv preprint arXiv:1901.09314},
	year={2019}
}
@article{koltchinskii2001rademacher,
	title={Rademacher penalties and structural risk minimization},
	author={Koltchinskii, Vladimir},
	journal={IEEE Transactions on Information Theory},
	volume={47},
	number={5},
	pages={1902--1914},
	year={2001},
	publisher={IEEE}
}

@book{ledoux2013probability,
	title={Probability in Banach Spaces: isoperimetry and processes},
	author={Ledoux, Michel and Talagrand, Michel},
	year={2013},
	publisher={Springer Science \& Business Media}
}
@book{shalev2014understanding,
	title={Understanding machine learning: From theory to algorithms},
	author={Shalev-Shwartz, Shai and Ben-David, Shai},
	year={2014},
	publisher={Cambridge university press}
}

@article{mohri2012foundations,
	title={Foundations of Machine Learning (2012)},
	author={Mohri, Mehryar and Rostamizadeh, Afshin and Talwalkar, Ameet},
	journal={Google Scholar},
	pages={198--199},
	year={2012}
}

@book{casella2002statistical,
	title={Statistical inference},
	author={Casella, George and Berger, Roger L},
	volume={2},
	year={2002},
	publisher={Duxbury Pacific Grove, CA}
}

@Comment{jabref-meta: databaseType:bibtex;}